@article{briciu_2025_estimating,
  author = {Briciu, Radu},
  month = {01},
  title = {Estimating non-linear stochastic functions from generated structured data using multi-layer perceptron models with applications to pricing path-dependent financial derivatives},
  doi = {10.2139/ssrn.5104328},
  url = {https://papers.ssrn.com/abstract=5104328},
  urldate = {2025-01-21},
  year = {2025},
  journal = {}
}